@article{gould08,
 author = {Gould, Stephen and Rodgers, Jim and Cohen, David and Elidan, Gal and Koller, Daphne},
 title = {Multi-Class Segmentation with Relative Location Prior},
 journal = {Int. J. Comput. Vision},
 volume = {80},
 number = {3},
 year = {2008},
 issn = {0920-5691},
 pages = {300--316},
 doi = {http://dx.doi.org/10.1007/s11263-008-0140-x},
 publisher = {Kluwer Academic Publishers},
 address = {Hingham, MA, USA},
 }

journal ={Computer Vision and Pattern Recognition, IEEE Computer Society Confere
}ddress = {Los Alamitos, CA, USA},},y.org/10.1109/CVPRW.2009.

@inproceedings{gu09,
 author = {Chunhui Gu and J.J. Lim and P. Arbelaez and J. Malik},
 title = {Recognition using regions},
 booktitle = {Computer Vision and Pattern Rcognition},
 year = {2009},
 pages = {1030--1037},
}

@inproceedings{farhadi09,
 author = {A. Farhadi and I. Endres and D. Hoiem and D. Forsyth},
 title = {Describing objects by their attributes},
 booktitle = {Computer Vision and Pattern Rcognition},
 year = {2009},
 pages = {1778-1785},
}

@inproceedings{borenstein04,
 author = {Borenstein, Eran and Sharon, Eitan and Ullman, Shimon},
 title = {Combining Top-Down and Bottom-Up Segmentation},
 booktitle = {CVPRW '04: Proceedings of the 2004 Conference on Computer Vision and Pattern Recognition Workshop (CVPRW'04) Volume 4},
 year = {2004},
 isbn = {0-7695-2158-4},
 pages = {46},
 publisher = {IEEE Computer Society},
 address = {Washington, DC, USA},
}

@inproceedings{lampert09,
 author = {Christoph H. Lampert and Hannes Nickisch
           and Stefan Harmeling},
 title = {Learning To Detect Unseen Object Classes
          by Between-Class Attribute Transfer},
 booktitle = {{CVPR}},
 year = "2009"
}

@inproceedings{russell06,
 author = {Russell, Bryan C. and Freeman, William T. and Efros, Alexei A. and Sivic, Josef and Zisserman, Andrew},
 title = {Using Multiple Segmentations to Discover Objects and their Extent in Image Collections},
 booktitle = {CVPR '06: Proceedings of the 2006 IEEE Computer Society Conference on Computer Vision and Pattern Recognition},
 year = {2006},
 isbn = {0-7695-2597-0},
 pages = {1605--1614},
 doi = {http://dx.doi.org/10.1109/CVPR.2006.326},
 publisher = {IEEE Computer Society},
 address = {Washington, DC, USA},
 }

@INPROCEEDINGS{shotton06,
    author = {J. Shotton and J. Winn and C. Rother and A. Criminisi},
    title = {Textonboost: Joint appearance, shape and context modeling for multi-class object recognition and segmentation},
    booktitle = {In ECCV},
    year = {2006},
    pages = {1--15}
}

@inproceedings{hoiem05,
 author = {Hoiem, Derek and Efros, Alexei A. and Hebert, Martial},
 title = {Geometric Context from a Single Image},
 booktitle = {ICCV '05: Proceedings of the Tenth IEEE International Conference on Computer Vision (ICCV'05) Volume 1},
 year = {2005},
 isbn = {0-7695-2334-X-01},
 pages = {654--661},
 doi = {http://dx.doi.org/10.1109/ICCV.2005.107},
 publisher = {IEEE Computer Society},
 address = {Washington, DC, USA},
 }

@inproceedings{kumar05,
 author = {Kumar, M. Pawan and Torr, Philip H.  S. and Zisserman, A.},
 title = {OBJ CUT},
 booktitle = {CVPR '05: Proceedings of the 2005 IEEE Computer Society Conference on Computer Vision and Pattern Recognition (CVPR'05) - Volume 1},
 year = {2005},
 isbn = {0-7695-2372-2},
 pages = {18--25},
 doi = {http://dx.doi.org/10.1109/CVPR.2005.249},
 publisher = {IEEE Computer Society},
 address = {Washington, DC, USA},
 }

@inproceedings{kumar09,
 author = {N. Kumar and A. Berg and P. Belhumeur and S. Nayar},
 title = {Attribute and Simile Classifiers for Face Verification},
 booktitle = {{ICCV}},
 year = "2009"
}

@inproceedings{leibe04,
 author = {B. Leibe and A. Leonardis and B. Schiele},
 title = {Combined Object Categorization and Segmentation with an Implicit Shape Model},
 booktitle = {{ECCV Workshop on Statistical Learning in Computer Vision}},
 year = "2004"
}

@inproceedings{pantofaru,
 author = {C. Pantofaru and C. Schmid and M. Hebert },
 title = {Object recognition by integrating multiple image segmentations},
 booktitle = {{ECCV}},
 year = "2008"
}

@inproceedings{malisiewicz,
 author = {T Malisiewicz and A Efros },
 title = {Improving spatial support for objects via multiple segmentations},
 booktitle = {{BMVC}},
 year = "2007"
}

@article{boykov01,
 author = {Boykov, Yuri and Veksler, Olga and Zabih, Ramin},
 title = {Fast Approximate Energy Minimization via Graph Cuts},
 journal = {IEEE Trans. Pattern Anal. Mach. Intell.},
 volume = {23},
 number = {11},
 year = {2001},
 issn = {0162-8828},
 pages = {1222--1239},
 doi = {http://dx.doi.org/10.1109/34.969114},
 publisher = {IEEE Computer Society},
 address = {Washington, DC, USA},
 }
